<record><leader>00000cas a2200000 a 4500</leader><controlfield tag="001">34296549</controlfield><controlfield tag="008">960301d196u1966flucr ne      0    0eng c</controlfield><datafield ind1=" " ind2=" " tag="010"><subfield code="a">sn 96027191 </subfield></datafield><datafield ind1=" " ind2=" " tag="040"><subfield code="a">FUG</subfield><subfield code="b">eng</subfield><subfield code="c">FUG</subfield><subfield code="d">OCLCQ</subfield><subfield code="d">OCLCF</subfield><subfield code="d">OCLCO</subfield></datafield><datafield ind1=" " ind2=" " tag="012"><subfield code="i">9603</subfield></datafield><datafield ind1="1" ind2=" " tag="029"><subfield code="a">AU@</subfield><subfield code="b">000025919554</subfield></datafield><datafield ind1=" " ind2=" " tag="042"><subfield code="a">pcc</subfield></datafield><datafield ind1=" " ind2=" " tag="043"><subfield code="a">n-us-fl</subfield></datafield><datafield ind1="0" ind2=" " tag="130"><subfield code="a">News leader (Homestead, Fla.)</subfield></datafield><datafield ind1="1" ind2="4" tag="245"><subfield code="a">The news leader.</subfield></datafield><datafield ind1=" " ind2=" " tag="260"><subfield code="a">Homestead, Fla. :</subfield><subfield code="b">Homestead News,</subfield><subfield code="c">-1966.</subfield></datafield><datafield ind1=" " ind2=" " tag="300"><subfield code="a">v.</subfield></datafield><datafield ind1=" " ind2=" " tag="310"><subfield code="a">Semiweekly</subfield></datafield><datafield ind1="0" ind2=" " tag="362"><subfield code="a">-55th year, no. 20 (Mar. 10, 1966).</subfield></datafield><datafield ind1=" " ind2=" " tag="588"><subfield code="a">Description based on: Vol. 50, no. 61 (Jan. 2, 1962).</subfield></datafield><datafield ind1=" " ind2="0" tag="651"><subfield code="a">Homestead (Fla.)</subfield><subfield code="v">Newspapers.</subfield></datafield><datafield ind1=" " ind2="0" tag="651"><subfield code="a">Miami-Dade County (Fla.)</subfield><subfield code="v">Newspapers.</subfield></datafield><datafield ind1=" " ind2="7" tag="655"><subfield code="a">Newspapers.</subfield><subfield code="2">fast</subfield><subfield code="0">(OCoLC)fst01423814</subfield></datafield><datafield ind1=" " ind2="7" tag="651"><subfield code="a">Florida</subfield><subfield code="z">Homestead.</subfield><subfield code="2">fast</subfield><subfield code="0">(OCoLC)fst01213153</subfield></datafield><datafield ind1=" " ind2="7" tag="651"><subfield code="a">Florida</subfield><subfield code="z">Miami-Dade County.</subfield><subfield code="2">fast</subfield><subfield code="0">(OCoLC)fst01287298</subfield></datafield><datafield ind1=" " ind2=" " tag="752"><subfield code="a">United States</subfield><subfield code="b">Florida</subfield><subfield code="c">Dade</subfield><subfield code="d">Homestead.</subfield></datafield><datafield ind1="0" ind2="4" tag="780"><subfield code="t">Homestead news (Homestead, Fla.)</subfield></datafield><datafield ind1="0" ind2="4" tag="780"><subfield code="t">Homestead leader-Perrine post</subfield><subfield code="w">(DLC)sn 96027190</subfield><subfield code="w">(OCoLC)34296548</subfield></datafield><datafield ind1="0" ind2="0" tag="785"><subfield code="t">South Dade news leader</subfield><subfield code="w">(DLC)sn 89077562</subfield><subfield code="w">(OCoLC)10000063</subfield></datafield><datafield ind1=" " ind2=" " tag="850"><subfield code="a">FU</subfield></datafield></record>